<?xml version="1.0" encoding="utf8"?>
<SOAP-ENV:Envelope xmlns:SOAP-ENV="http://schemas.xmlsoap.org/soap/envelope/" xmlns:ns1="http://oss.dbc.dk/ns/openformat" xmlns:os="http://oss.dbc.dk/ns/opensearch" xmlns:dc="http://purl.org/dc/elements/1.1/" xmlns:dkabm="http://biblstandard.dk/abm/namespace/dkabm/" xmlns:ISO639-2="http://lcweb.loc.gov/standards/iso639-2/" xmlns:dcmitype="http://purl.org/dc/dcmitype/" xmlns:dcterms="http://purl.org/dc/terms/" xmlns:ac="http://biblstandard.dk/ac/namespace/" xmlns:dkdcplus="http://biblstandard.dk/abm/namespace/dkdcplus/" xmlns:oss="http://oss.dbc.dk/ns/osstypes" xmlns:marcx="info:lc/xmlns/marcxchange-v1" xmlns:xsi="http://www.w3.org/2001/XMLSchema-instance">
  <SOAP-ENV:Body>
    <ns1:formatRequest>
      <ns1:originalData>
        <os:collection>
          <os:resultPosition>1</os:resultPosition>
          <os:numberOfObjects>1</os:numberOfObjects>
          <os:object>
            <dkabm:record>
              <ac:identifier>26748801|870970</ac:identifier>
              <ac:source>NJE</ac:source>
              <dc:title>Snehvide og bjørneungen</dc:title>
              <dc:title xsi:type="dkdcplus:full">Snehvide og bjørneungen</dc:title>
              <dc:title xsi:type="dkdcplus:series">Disney princess bogklub</dc:title>
              <dc:creator xsi:type="dkdcplus:aut">Susan Marenco </dc:creator>
              <dc:creator xsi:type="oss:sort">Marenco, Susan</dc:creator>
              <dc:subject xsi:type="dkdcplus:DK5-Text">Skønlitteratur</dc:subject>
              <dc:subject xsi:type="dkdcplus:genre">fiktion</dc:subject>
              <dc:subject xsi:type="dkdcplus:DK5">sk</dc:subject>
              <dc:description>På omslaget: Egmont Kids</dc:description>
              <dcterms:audience>børnematerialer</dcterms:audience>
              <dc:publisher>Disneyklubberne</dc:publisher>
              <dc:contributor>Walt Disney firma</dc:contributor>
              <dc:date>2007</dc:date>
              <dc:type xsi:type="dkdcplus:BibDK-Type">Bog</dc:type>
              <dc:format>illustreret i farver</dc:format>
              <dcterms:extent>28 sider</dcterms:extent>
              <dc:identifier xsi:type="dkdcplus:ISBN">9788770620185</dc:identifier>
              <dc:source>Snow White and the golden bear</dc:source>
              <dc:language xsi:type="dcterms:ISO639-2">dan</dc:language>
              <dc:language>Dansk</dc:language>
            </dkabm:record>
            <marcx:collection>
              <marcx:record format="danMARC2" type="Bibliographic">
                <marcx:leader>000000000000000000000000</marcx:leader>
                <marcx:datafield tag="001" ind1="0" ind2="0">
                  <marcx:subfield code="a">26748801</marcx:subfield>
                  <marcx:subfield code="b">870970</marcx:subfield>
                  <marcx:subfield code="c">20070619235120</marcx:subfield>
                  <marcx:subfield code="d">20070507</marcx:subfield>
                  <marcx:subfield code="f">a</marcx:subfield>
                  <marcx:subfield code="t">FAUST</marcx:subfield>
                </marcx:datafield>
                <marcx:datafield tag="004" ind1="0" ind2="0">
                  <marcx:subfield code="r">n</marcx:subfield>
                  <marcx:subfield code="a">e</marcx:subfield>
                </marcx:datafield>
                <marcx:datafield tag="008" ind1="0" ind2="0">
                  <marcx:subfield code="t">m</marcx:subfield>
                  <marcx:subfield code="u">f</marcx:subfield>
                  <marcx:subfield code="a">2007</marcx:subfield>
                  <marcx:subfield code="b">dk</marcx:subfield>
                  <marcx:subfield code="d">å</marcx:subfield>
                  <marcx:subfield code="l">dan</marcx:subfield>
                  <marcx:subfield code="o">b</marcx:subfield>
                  <marcx:subfield code="v">0</marcx:subfield>
                </marcx:datafield>
                <marcx:datafield tag="009" ind1="0" ind2="0">
                  <marcx:subfield code="a">a</marcx:subfield>
                  <marcx:subfield code="g">xx</marcx:subfield>
                </marcx:datafield>
                <marcx:datafield tag="021" ind1="0" ind2="0">
                  <marcx:subfield code="e">9788770620185</marcx:subfield>
                  <marcx:subfield code="c">ib.</marcx:subfield>
                  <marcx:subfield code="d">kun for medlemmer</marcx:subfield>
                </marcx:datafield>
                <marcx:datafield tag="032" ind1="0" ind2="0">
                  <marcx:subfield code="a">DBF200725</marcx:subfield>
                </marcx:datafield>
                <marcx:datafield tag="041" ind1="0" ind2="0">
                  <marcx:subfield code="a">dan</marcx:subfield>
                  <marcx:subfield code="c">eng</marcx:subfield>
                </marcx:datafield>
                <marcx:datafield tag="100" ind1="0" ind2="0">
                  <marcx:subfield code="0"/>
                  <marcx:subfield code="a">Marenco</marcx:subfield>
                  <marcx:subfield code="h">Susan</marcx:subfield>
                </marcx:datafield>
                <marcx:datafield tag="241" ind1="0" ind2="0">
                  <marcx:subfield code="a">Snow White and the golden bear</marcx:subfield>
                </marcx:datafield>
                <marcx:datafield tag="245" ind1="0" ind2="0">
                  <marcx:subfield code="a">Snehvide og bjørneungen</marcx:subfield>
                  <marcx:subfield code="e">manuskript: Susan Marenco</marcx:subfield>
                  <marcx:subfield code="f">oversat af Litten Hansen</marcx:subfield>
                </marcx:datafield>
                <marcx:datafield tag="260" ind1="0" ind2="0">
                  <marcx:subfield code="a">[Kbh.]</marcx:subfield>
                  <marcx:subfield code="b">Disneyklubberne</marcx:subfield>
                  <marcx:subfield code="k">Nørhaven Book, Viborg</marcx:subfield>
                  <marcx:subfield code="c">2007</marcx:subfield>
                </marcx:datafield>
                <marcx:datafield tag="300" ind1="0" ind2="0">
                  <marcx:subfield code="a">[28] sider</marcx:subfield>
                  <marcx:subfield code="b">ill. i farver</marcx:subfield>
                </marcx:datafield>
                <marcx:datafield tag="440" ind1="0" ind2="0">
                  <marcx:subfield code="a">Disney prinsesse bogklub</marcx:subfield>
                </marcx:datafield>
                <marcx:datafield tag="512" ind1="0" ind2="0">
                  <marcx:subfield code="a">På omslaget: Egmont Kids</marcx:subfield>
                </marcx:datafield>
                <marcx:datafield tag="521" ind1="0" ind2="0">
                  <marcx:subfield code="b">[1. oplag]</marcx:subfield>
                  <marcx:subfield code="c">2007</marcx:subfield>
                </marcx:datafield>
                <marcx:datafield tag="652" ind1="0" ind2="0">
                  <marcx:subfield code="n">83.8</marcx:subfield>
                  <marcx:subfield code="z">296</marcx:subfield>
                </marcx:datafield>
                <marcx:datafield tag="652" ind1="0" ind2="0">
                  <marcx:subfield code="o">sk</marcx:subfield>
                </marcx:datafield>
                <marcx:datafield tag="710" ind1="0" ind2="0">
                  <marcx:subfield code="0"/>
                  <marcx:subfield code="a">Walt Disney</marcx:subfield>
                  <marcx:subfield code="e">firma</marcx:subfield>
                </marcx:datafield>
                <marcx:datafield tag="840" ind1="0" ind2="0">
                  <marcx:subfield code="0"/>
                  <marcx:subfield code="a">Disney princess bogklub</marcx:subfield>
                </marcx:datafield>
                <marcx:datafield tag="910" ind1="0" ind2="0">
                  <marcx:subfield code="0"/>
                  <marcx:subfield code="a">Disney</marcx:subfield>
                  <marcx:subfield code="h">Walt</marcx:subfield>
                  <marcx:subfield code="e">firma</marcx:subfield>
                  <marcx:subfield code="x">se</marcx:subfield>
                  <marcx:subfield code="w">Walt Disney (firma)</marcx:subfield>
                  <marcx:subfield code="z">710</marcx:subfield>
                </marcx:datafield>
                <marcx:datafield tag="945" ind1="0" ind2="0">
                  <marcx:subfield code="a">Disney prinsessebogklub</marcx:subfield>
                  <marcx:subfield code="x">se</marcx:subfield>
                  <marcx:subfield code="w">Disney prinsesse bogklub</marcx:subfield>
                  <marcx:subfield code="z">440</marcx:subfield>
                </marcx:datafield>
                <marcx:datafield tag="s10" ind1="0" ind2="0">
                  <marcx:subfield code="a">DBC</marcx:subfield>
                </marcx:datafield>
              </marcx:record>
            </marcx:collection>
            <oss:openurl>_BASEURL_url_ctx_fmt=info:ofi/fmt:kev:mtx:ctx&amp;ctx_ver=Z39.88-2004&amp;rft_val_fmt=info:ofi/fmt:kev:mtx:book&amp;rft.btitle=Snehvide+og+bjørneungen&amp;rft.aulast=Marenco&amp;rft.aufirst=Susan&amp;rft.auinit=S&amp;rft.date=2007&amp;rft.isbn=9788770620185&amp;rft.pub=Disneyklubberne&amp;rft.series=Disney+princess+bogklub&amp;rft.genre=book</oss:openurl>
            <os:identifier>870970-basis:26748801</os:identifier>
<os:creationDate>1980-03-07</os:creationDate>
<os:holdingsCount>12</os:holdingsCount>
<os:lendingLibraries>12</os:lendingLibraries>
            <os:formatsAvailable>
              <os:format>dkabm</os:format>
            </os:formatsAvailable>
          </os:object>
        </os:collection>
      </ns1:originalData>
      <ns1:outputFormat>PLACEHOLDER</ns1:outputFormat>
    </ns1:formatRequest>
  </SOAP-ENV:Body>
</SOAP-ENV:Envelope>
